@book{kloeden2011numerical,
  title={Numerical Solution of Stochastic Differential Equations},
  author={Kloeden, P.E. and Platen, E.},
  isbn={9783540540625},
  lccn={92015916},
  series={Stochastic Modelling and Applied Probability},
  url={https://books.google.com.ar/books?id=BCvtssom1CMC},
  year={2011},
  publisher={Springer Berlin Heidelberg}
}

@book{citeulike:13331529,
    author = {Asmussen, S{\o}ren and Glynn, Peter W.},
    doi = {10.1007/978-0-387-69033-9},
    isbn = {978-0-387-30679-7},
    keywords = {stochastic\_methods, textbook},
    posted-at = {2014-08-21 06:53:00},
    priority = {0},
    publisher = {Springer New York},
    series = {Stochastic Modelling and Applied Probability},
    title = {{Stochastic Simulation: Algorithms and Analysis}},
    url = {http://dx.doi.org/10.1007/978-0-387-69033-9},
    year = {2007}
}

@article{Higham.:2001:AIN:588734.588830,
 author = {Higham., Desmond J.},
 title = {An Algorithmic Introduction to Numerical Simulation of  Stochastic Differential Equations},
 journal = {SIAM Rev.},
 issue_date = {2001},
 volume = {43},
 number = {3},
 month = mar,
 year = {2001},
 issn = {0036-1445},
 pages = {525--546},
 numpages = {22},
 url = {http://dx.doi.org/10.1137/S0036144500378302},
 doi = {10.1137/S0036144500378302},
 acmid = {588830},
 publisher = {Society for Industrial and Applied Mathematics},
 address = {Philadelphia, PA, USA},
 keywords = {Euler--Maruyama method, MATLAB, Milstein method, Monte Carlo, stochastic simulation, strong and weak convergence},
} 
